%YAML 1.1
%TAG !u! tag:unity3d.com,2011:
--- !u!1 &153002
GameObject:
  m_ObjectHideFlags: 0
  m_PrefabParentObject: {fileID: 0}
  m_PrefabInternal: {fileID: 100100000}
  serializedVersion: 4
  m_Component:
  - 4: {fileID: 453002}
  - 114: {fileID: 11453004}
  m_Layer: 0
  m_Name: lavaBubble
  m_TagString: Untagged
  m_Icon: {fileID: 0}
  m_NavMeshLayer: 0
  m_StaticEditorFlags: 0
  m_IsActive: 1
--- !u!1 &153004
GameObject:
  m_ObjectHideFlags: 0
  m_PrefabParentObject: {fileID: 0}
  m_PrefabInternal: {fileID: 100100000}
  serializedVersion: 4
  m_Component:
  - 4: {fileID: 453004}
  - 114: {fileID: 11453006}
  m_Layer: 0
  m_Name: Bubble
  m_TagString: Untagged
  m_Icon: {fileID: 0}
  m_NavMeshLayer: 0
  m_StaticEditorFlags: 0
  m_IsActive: 1
--- !u!1 &153006
GameObject:
  m_ObjectHideFlags: 0
  m_PrefabParentObject: {fileID: 0}
  m_PrefabInternal: {fileID: 100100000}
  serializedVersion: 4
  m_Component:
  - 4: {fileID: 453006}
  - 114: {fileID: 11453008}
  m_Layer: 0
  m_Name: Splash
  m_TagString: Untagged
  m_Icon: {fileID: 0}
  m_NavMeshLayer: 0
  m_StaticEditorFlags: 0
  m_IsActive: 1
--- !u!1 &153008
GameObject:
  m_ObjectHideFlags: 0
  m_PrefabParentObject: {fileID: 0}
  m_PrefabInternal: {fileID: 100100000}
  serializedVersion: 4
  m_Component:
  - 4: {fileID: 453008}
  - 114: {fileID: 11453010}
  m_Layer: 0
  m_Name: Cinder
  m_TagString: Untagged
  m_Icon: {fileID: 0}
  m_NavMeshLayer: 0
  m_StaticEditorFlags: 0
  m_IsActive: 1
--- !u!1 &153010
GameObject:
  m_ObjectHideFlags: 0
  m_PrefabParentObject: {fileID: 0}
  m_PrefabInternal: {fileID: 100100000}
  serializedVersion: 4
  m_Component:
  - 4: {fileID: 453010}
  m_Layer: 0
  m_Name: Cinder_vortexCenter
  m_TagString: Untagged
  m_Icon: {fileID: 0}
  m_NavMeshLayer: 0
  m_StaticEditorFlags: 0
  m_IsActive: 1
--- !u!4 &453002
Transform:
  m_ObjectHideFlags: 1
  m_PrefabParentObject: {fileID: 0}
  m_PrefabInternal: {fileID: 100100000}
  m_GameObject: {fileID: 153002}
  m_LocalRotation: {x: 0, y: 0, z: 0, w: 1}
  m_LocalPosition: {x: 4.0999999, y: 0, z: -12.6999998}
  m_LocalScale: {x: 1, y: 1, z: 1}
  m_Children:
  - {fileID: 453004}
  - {fileID: 453006}
  - {fileID: 453008}
  - {fileID: 453010}
  m_Father: {fileID: 0}
  m_RootOrder: 0
--- !u!4 &453004
Transform:
  m_ObjectHideFlags: 1
  m_PrefabParentObject: {fileID: 0}
  m_PrefabInternal: {fileID: 100100000}
  m_GameObject: {fileID: 153004}
  m_LocalRotation: {x: 0, y: 0, z: 0, w: 1}
  m_LocalPosition: {x: 0, y: 0, z: 0}
  m_LocalScale: {x: 1, y: 1, z: 1}
  m_Children: []
  m_Father: {fileID: 453002}
  m_RootOrder: 0
--- !u!4 &453006
Transform:
  m_ObjectHideFlags: 1
  m_PrefabParentObject: {fileID: 0}
  m_PrefabInternal: {fileID: 100100000}
  m_GameObject: {fileID: 153006}
  m_LocalRotation: {x: 0, y: 0, z: 0, w: 1}
  m_LocalPosition: {x: 0, y: 0, z: 0}
  m_LocalScale: {x: 1, y: 1, z: 1}
  m_Children: []
  m_Father: {fileID: 453002}
  m_RootOrder: 1
--- !u!4 &453008
Transform:
  m_ObjectHideFlags: 1
  m_PrefabParentObject: {fileID: 0}
  m_PrefabInternal: {fileID: 100100000}
  m_GameObject: {fileID: 153008}
  m_LocalRotation: {x: 0, y: 0, z: 0, w: 1}
  m_LocalPosition: {x: 0, y: 0, z: 0}
  m_LocalScale: {x: 1, y: 1, z: 1}
  m_Children: []
  m_Father: {fileID: 453002}
  m_RootOrder: 2
--- !u!4 &453010
Transform:
  m_ObjectHideFlags: 1
  m_PrefabParentObject: {fileID: 0}
  m_PrefabInternal: {fileID: 100100000}
  m_GameObject: {fileID: 153010}
  m_LocalRotation: {x: 0, y: 0, z: 0, w: 1}
  m_LocalPosition: {x: 0, y: 0, z: 0}
  m_LocalScale: {x: 1, y: 1, z: 1}
  m_Children: []
  m_Father: {fileID: 453002}
  m_RootOrder: 3
--- !u!114 &11453004
MonoBehaviour:
  m_ObjectHideFlags: 1
  m_PrefabParentObject: {fileID: 0}
  m_PrefabInternal: {fileID: 100100000}
  m_GameObject: {fileID: 153002}
  m_Enabled: 1
  m_EditorHideFlags: 0
  m_Script: {fileID: 11500000, guid: 31e31838b0476f14ea97697da6957b42, type: 3}
  m_Name: 
  m_EditorClassIdentifier: 
  LifeTime: -1
  IgnoreTimeScale: 0
  EditView: 0
  Scale: 1
--- !u!114 &11453006
MonoBehaviour:
  m_ObjectHideFlags: 1
  m_PrefabParentObject: {fileID: 0}
  m_PrefabInternal: {fileID: 100100000}
  m_GameObject: {fileID: 153004}
  m_Enabled: 1
  m_EditorHideFlags: 0
  m_Script: {fileID: 11500000, guid: 4eaa492ec72a57543b3ace7c81409998, type: 3}
  m_Name: 
  m_EditorClassIdentifier: 
  VersionIdentifier1: 222
  ClientTransform: {fileID: 453004}
  SyncClient: 0
  Material: {fileID: 2100000, guid: 3daedaeca369048c0aac3a47a58f27be, type: 2}
  RenderType: 3
  StartTime: 0
  MaxFps: 60
  DebugColor: {r: 1, g: 1, b: 1, a: 1}
  Depth: 0
  SpriteType: 0
  OriPoint: 0
  SpriteWidth: 1
  SpriteHeight: 1
  SpriteUVStretch: 0
  RandomOriScale: 0
  RandomOriRot: 0
  IsTowardZ: 0
  OriRotationMin: 90
  OriRotationMax: 90
  RotAffectorEnable: 0
  RotateType: 0
  DeltaRot: 0
  RotateCurve:
    serializedVersion: 2
    m_Curve:
    - time: 0
      value: 0
      inSlope: 0
      outSlope: 0
      tangentMode: 0
    - time: 1
      value: 360
      inSlope: 0
      outSlope: 0
      tangentMode: 0
    m_PreInfinity: 2
    m_PostInfinity: 2
  RotateCurveWrap: 0
  RotateCurveTime: 1
  RotateCurveMaxValue: 1
  RotateCurve01:
    serializedVersion: 2
    m_Curve:
    - time: 0
      value: 0
      inSlope: 0
      outSlope: 0
      tangentMode: 0
    - time: 1
      value: 1
      inSlope: 0
      outSlope: 0
      tangentMode: 0
    m_PreInfinity: 2
    m_PostInfinity: 2
  RotateSpeedMin: 0
  RotateSpeedMax: 0
  OriScaleXMin: .699999988
  OriScaleXMax: .699999988
  OriScaleYMin: .699999988
  OriScaleYMax: .699999988
  OriScaleZ: .699999988
  ScaleAffectorEnable: 1
  ScaleType: 3
  DeltaScaleX: 0
  DeltaScaleY: 0
  IsScaleZ: 1
  ScaleZCurveNew:
    serializedVersion: 2
    m_Curve:
    - time: 0
      value: 0
      inSlope: 0
      outSlope: 0
      tangentMode: 0
    - time: 1
      value: 1
      inSlope: 2
      outSlope: 2
      tangentMode: 0
    m_PreInfinity: 2
    m_PostInfinity: 2
  ScaleXCurve:
    serializedVersion: 2
    m_Curve:
    - time: 0
      value: 1
      inSlope: 0
      outSlope: 0
      tangentMode: 0
    - time: 1
      value: 5
      inSlope: 0
      outSlope: 0
      tangentMode: 0
    m_PreInfinity: 2
    m_PostInfinity: 2
  ScaleYCurve:
    serializedVersion: 2
    m_Curve:
    - time: 0
      value: 1
      inSlope: 0
      outSlope: 0
      tangentMode: 0
    - time: 1
      value: 5
      inSlope: 0
      outSlope: 0
      tangentMode: 0
    m_PreInfinity: 2
    m_PostInfinity: 2
  ScaleWrapMode: 0
  ScaleCurveTime: -1
  MaxScaleCalue: 1
  ScaleXCurveNew:
    serializedVersion: 2
    m_Curve:
    - time: 0
      value: 0
      inSlope: 0
      outSlope: 0
      tangentMode: 0
    - time: 1
      value: 1
      inSlope: 2
      outSlope: 2
      tangentMode: 0
    m_PreInfinity: 2
    m_PostInfinity: 2
  ScaleYCurveNew:
    serializedVersion: 2
    m_Curve:
    - time: 0
      value: 1
      inSlope: 0
      outSlope: 0
      tangentMode: 0
    - time: 1
      value: 1
      inSlope: 0
      outSlope: 0
      tangentMode: 0
    m_PreInfinity: 2
    m_PostInfinity: 2
  UseSameScaleCurve: 1
  DeltaScaleXMax: 0
  DeltaScaleYMax: 0
  ColorAffectorEnable: 1
  ColorAffectType: 0
  ColorGradualTimeLength: -1
  ColorGradualType: 1
  Color1: {r: 1, g: 1, b: 1, a: 1}
  Color2: {r: 0, g: 0, b: 0, a: 0}
  Color3: {r: 0, g: 0, b: 0, a: 0}
  Color4: {r: 0, g: 0, b: 0, a: 0}
  Color5: {r: 0, g: 0, b: 0, a: 0}
  ColorChangeType: 1
  ColorParam:
    Colors:
    - t: 0
      Color: {r: 1, g: 1, b: 1, a: 0}
    - t: .116071425
      Color: {r: 1, g: 1, b: 1, a: 1}
    - t: .388392866
      Color: {r: 1, g: 1, b: 1, a: 1}
    - t: .854910731
      Color: {r: 1, g: 1, b: 1, a: 1}
    - t: 1
      Color: {r: 1, g: 1, b: 1, a: 0}
  ColorGradualCurve:
    serializedVersion: 2
    m_Curve:
    - time: 0
      value: 0
      inSlope: 0
      outSlope: 0
      tangentMode: 0
    - time: 1
      value: 1
      inSlope: 0
      outSlope: 0
      tangentMode: 0
    m_PreInfinity: 2
    m_PostInfinity: 2
  RibbonWidth: 1
  MaxRibbonElements: 8
  RibbonLen: 15
  TailDistance: 0
  StretchType: 0
  FaceToObject: 0
  FaceObject: {fileID: 0}
  IsWeapon: 0
  IsScale: 0
  UseRandomRibbon: 0
  RibbonWidthMin: 1
  RibbonWidthMax: 1
  RibbonLenMin: 15
  RibbonLenMax: 15
  ConeSize: {x: 1, y: 1}
  ConeAngle: 0
  ConeSegment: 4
  UseConeAngleChange: 0
  ConeDeltaAngle:
    serializedVersion: 2
    m_Curve:
    - time: 0
      value: 0
      inSlope: 0
      outSlope: 0
      tangentMode: 0
    - time: 1
      value: 60
      inSlope: 0
      outSlope: 0
      tangentMode: 0
    m_PreInfinity: 2
    m_PostInfinity: 2
  CMesh: {fileID: 4300000, guid: 72b0ef2c936824821bd6d4d0b7a03d4c, type: 3}
  EmitType: 3
  BoxSize: {x: 0, y: 0, z: 0}
  EmitPoint: {x: 0, y: 0, z: 0}
  Radius: 0
  UseRandomCircle: 1
  CircleRadiusMin: 0
  CircleRadiusMax: 10
  CircleDir: {x: 0, y: 1, z: 0}
  EmitUniform: 0
  LineLengthLeft: -1
  LineLengthRight: 1
  MaxENodes: 10
  IsNodeLifeLoop: 0
  NodeLifeMin: 1
  NodeLifeMax: 1
  EmitWay: 0
  EmitterCurve:
    serializedVersion: 2
    m_Curve:
    - time: 0
      value: 0
      inSlope: 0
      outSlope: 0
      tangentMode: 0
    - time: 1
      value: 10
      inSlope: 0
      outSlope: 0
      tangentMode: 0
    m_PreInfinity: 2
    m_PostInfinity: 2
  DiffDistance: .100000001
  EmitMesh: {fileID: 0}
  EmitMeshType: 0
  IsBurstEmit: 0
  ChanceToEmit: 100
  EmitDuration: 1
  EmitRate: 10
  EmitLoop: -1
  EmitDelay: 0
  DirType: 0
  DirCenter: {fileID: 453004}
  OriVelocityAxis: {x: 1, y: 0, z: 0}
  AngleAroundAxis: 0
  UseRandomDirAngle: 0
  AngleAroundAxisMax: 0
  OriSpeed: 0
  AlwaysSyncRotation: 0
  IsRandomSpeed: 0
  SpeedMin: 0
  SpeedMax: 0
  JetAffectorEnable: 1
  JetMagType: 1
  JetMag: 0
  JetCurve:
    serializedVersion: 2
    m_Curve:
    - time: 0
      value: 0
      inSlope: 0
      outSlope: 0
      tangentMode: 0
    - time: .494872421
      value: .0327487923
      inSlope: .0630838796
      outSlope: .0630838796
      tangentMode: 0
    - time: 1
      value: 1
      inSlope: 2
      outSlope: 2
      tangentMode: 0
    m_PreInfinity: 2
    m_PostInfinity: 2
  JetMin: 0
  JetMax: 0
  VortexAffectorEnable: 0
  VortexMagType: 0
  VortexMag: 1
  VortexMagMax: 1
  VortexCurve:
    serializedVersion: 2
    m_Curve: []
    m_PreInfinity: 2
    m_PostInfinity: 2
  VortexDirection: {x: 0, y: 1, z: 0}
  VortexInheritRotation: 1
  VortexObj: {fileID: 453004}
  IsFixedCircle: 0
  VortexTime: -1
  IsRandomVortexDir: 0
  IsVortexAccelerate: 0
  VortexAttenuation: 0
  UseVortexMaxDistance: 0
  VortexMaxDistance: 0
  UVRotAffectorEnable: 1
  RandomUVRotateSpeed: 0
  UVRotXSpeed: .00999999978
  UVRotYSpeed: -1
  UVRotXSpeedMax: 0
  UVRotYSpeedMax: 0
  GravityAffectorEnable: 1
  GravityAftType: 0
  GravityMagType: 0
  GravityMag: -.100000001
  GravityCurve:
    serializedVersion: 2
    m_Curve: []
    m_PreInfinity: 2
    m_PostInfinity: 2
  GravityDirection: {x: 0, y: 1, z: 0}
  GravityObject: {fileID: 453004}
  IsGravityAccelerate: 1
  IsSine: 0
  SineFreq: 1
  SineAffectorEnable: 0
  SineForce: {x: 0, y: 1, z: 0}
  ModifyPos: 1
  SineMaxFreq: 5
  SineMinFreq: 1
  AirAffectorEnable: 0
  AirObject: {fileID: 453004}
  AirMagType: 0
  AirMagnitude: 0
  AirMagCurve:
    serializedVersion: 2
    m_Curve: []
    m_PreInfinity: 2
    m_PostInfinity: 2
  AirDirection: {x: 0, y: 0, z: 0}
  AirAttenuation: 0
  AirUseMaxDistance: 0
  AirMaxDistance: 0
  AirEnableSpread: 0
  AirSpread: 0
  AirInheritVelocity: 0
  AirInheritRotation: 0
  BombAffectorEnable: 0
  BombObject: {fileID: 453004}
  BombType: 1
  BombDecayType: 0
  BombMagType: 0
  BombMagnitude: 0
  BombMagCurve:
    serializedVersion: 2
    m_Curve: []
    m_PreInfinity: 2
    m_PostInfinity: 2
  BombAxis: {x: 0, y: 0, z: 0}
  BombDecay: 0
  TurbulenceAffectorEnable: 0
  TurbulenceObject: {fileID: 453004}
  TurbulenceMagType: 0
  TurbulenceMagnitude: 0
  TurbulenceMagCurve:
    serializedVersion: 2
    m_Curve: []
    m_PreInfinity: 2
    m_PostInfinity: 2
  TurbulenceAttenuation: 0
  TurbulenceUseMaxDistance: 0
  TurbulenceMaxDistance: 0
  DragAffectorEnable: 0
  DragObj: {fileID: 453004}
  DragUseDir: 0
  DragDir: {x: 0, y: 1, z: 0}
  DragMag: 10
  DragUseMaxDist: 0
  DragMaxDist: 50
  DragAtten: 0
  UVAffectorEnable: 0
  UVType: 2
  OriTopLeftUV: {x: 0, y: 0}
  OriUVDimensions: {x: 1, y: 1}
  Cols: 1
  Rows: 1
  LoopCircles: -1
  UVTime: -1
  EanPath: none
  EanIndex: 0
  RandomStartFrame: 1
  UseCollisionDetection: 0
  ParticleRadius: 1
  CollisionType: 0
  CollisionAutoDestroy: 1
  EventReceiver: {fileID: 0}
  EventHandleFunctionName: ' '
  CollisionGoal: {fileID: 0}
  ColliisionPosRange: 0
  CollisionLayer:
    serializedVersion: 2
    m_Bits: 0
  JumpHeight: .300000012
  CollisionOffset: 0
  PlaneDir: {x: 0, y: 1, z: 0}
  PlaneOffset: {x: 0, y: 0, z: 0}
  UseSubEmitters: 0
  SpawnCache: {fileID: 0}
  BirthSubEmitter: 
  CollisionSubEmitter: 
  DeathSubEmitter: 
  AvailableNodeCount: 1
  LastClientPos: {x: 4.0999999, y: 0, z: -12.6999998}
  MyCamera: {fileID: 0}
  Owner: {fileID: 11453004}
  mStopped: 0
--- !u!114 &11453008
MonoBehaviour:
  m_ObjectHideFlags: 1
  m_PrefabParentObject: {fileID: 0}
  m_PrefabInternal: {fileID: 100100000}
  m_GameObject: {fileID: 153006}
  m_Enabled: 1
  m_EditorHideFlags: 0
  m_Script: {fileID: 11500000, guid: 4eaa492ec72a57543b3ace7c81409998, type: 3}
  m_Name: 
  m_EditorClassIdentifier: 
  VersionIdentifier1: 222
  ClientTransform: {fileID: 453006}
  SyncClient: 0
  Material: {fileID: 2100000, guid: 8910565a656564eea841ba0f145af541, type: 2}
  RenderType: 0
  StartTime: 0
  MaxFps: 60
  DebugColor: {r: 1, g: 1, b: 1, a: 1}
  Depth: 0
  SpriteType: 4
  OriPoint: 0
  SpriteWidth: 1
  SpriteHeight: 1
  SpriteUVStretch: 0
  RandomOriScale: 1
  RandomOriRot: 1
  IsTowardZ: 0
  OriRotationMin: 0
  OriRotationMax: 360
  RotAffectorEnable: 1
  RotateType: 1
  DeltaRot: 0
  RotateCurve:
    serializedVersion: 2
    m_Curve:
    - time: 0
      value: 0
      inSlope: 0
      outSlope: 0
      tangentMode: 0
    - time: 1
      value: 360
      inSlope: 0
      outSlope: 0
      tangentMode: 0
    m_PreInfinity: 2
    m_PostInfinity: 2
  RotateCurveWrap: 0
  RotateCurveTime: 1
  RotateCurveMaxValue: 1
  RotateCurve01:
    serializedVersion: 2
    m_Curve:
    - time: 0
      value: 0
      inSlope: 0
      outSlope: 0
      tangentMode: 0
    - time: 1
      value: 1
      inSlope: 0
      outSlope: 0
      tangentMode: 0
    m_PreInfinity: 2
    m_PostInfinity: 2
  RotateSpeedMin: 0
  RotateSpeedMax: 0
  OriScaleXMin: 1
  OriScaleXMax: 2
  OriScaleYMin: 1
  OriScaleYMax: 2
  OriScaleZ: 1
  ScaleAffectorEnable: 1
  ScaleType: 3
  DeltaScaleX: 0
  DeltaScaleY: 0
  IsScaleZ: 0
  ScaleZCurveNew:
    serializedVersion: 2
    m_Curve:
    - time: 0
      value: 1
      inSlope: 0
      outSlope: 0
      tangentMode: 0
    - time: 1
      value: 1
      inSlope: 0
      outSlope: 0
      tangentMode: 0
    m_PreInfinity: 2
    m_PostInfinity: 2
  ScaleXCurve:
    serializedVersion: 2
    m_Curve:
    - time: 0
      value: 1
      inSlope: 0
      outSlope: 0
      tangentMode: 0
    - time: 1
      value: 5
      inSlope: 0
      outSlope: 0
      tangentMode: 0
    m_PreInfinity: 2
    m_PostInfinity: 2
  ScaleYCurve:
    serializedVersion: 2
    m_Curve:
    - time: 0
      value: 1
      inSlope: 0
      outSlope: 0
      tangentMode: 0
    - time: 1
      value: 5
      inSlope: 0
      outSlope: 0
      tangentMode: 0
    m_PreInfinity: 2
    m_PostInfinity: 2
  ScaleWrapMode: 1
  ScaleCurveTime: -1
  MaxScaleCalue: 2
  ScaleXCurveNew:
    serializedVersion: 2
    m_Curve:
    - time: 0
      value: 0
      inSlope: 0
      outSlope: 0
      tangentMode: 0
    - time: 1
      value: 1
      inSlope: 0
      outSlope: 0
      tangentMode: 0
    m_PreInfinity: 2
    m_PostInfinity: 2
  ScaleYCurveNew:
    serializedVersion: 2
    m_Curve:
    - time: 0
      value: 1
      inSlope: 0
      outSlope: 0
      tangentMode: 0
    - time: 1
      value: 1
      inSlope: 0
      outSlope: 0
      tangentMode: 0
    m_PreInfinity: 2
    m_PostInfinity: 2
  UseSameScaleCurve: 1
  DeltaScaleXMax: 0
  DeltaScaleYMax: 0
  ColorAffectorEnable: 1
  ColorAffectType: 0
  ColorGradualTimeLength: -1
  ColorGradualType: 1
  Color1: {r: 1, g: 1, b: 1, a: 1}
  Color2: {r: 0, g: 0, b: 0, a: 0}
  Color3: {r: 0, g: 0, b: 0, a: 0}
  Color4: {r: 0, g: 0, b: 0, a: 0}
  Color5: {r: 0, g: 0, b: 0, a: 0}
  ColorChangeType: 1
  ColorParam:
    Colors:
    - t: 0
      Color: {r: 1, g: .301961005, b: 0, a: 1}
    - t: 1
      Color: {r: 0, g: 0, b: 0, a: 1}
  ColorGradualCurve:
    serializedVersion: 2
    m_Curve:
    - time: 0
      value: 0
      inSlope: 0
      outSlope: 0
      tangentMode: 0
    - time: 1
      value: 1
      inSlope: 0
      outSlope: 0
      tangentMode: 0
    m_PreInfinity: 2
    m_PostInfinity: 2
  RibbonWidth: 1
  MaxRibbonElements: 8
  RibbonLen: 15
  TailDistance: 0
  StretchType: 0
  FaceToObject: 0
  FaceObject: {fileID: 0}
  IsWeapon: 0
  IsScale: 0
  UseRandomRibbon: 0
  RibbonWidthMin: 1
  RibbonWidthMax: 1
  RibbonLenMin: 15
  RibbonLenMax: 15
  ConeSize: {x: 1, y: 1}
  ConeAngle: 0
  ConeSegment: 4
  UseConeAngleChange: 0
  ConeDeltaAngle:
    serializedVersion: 2
    m_Curve:
    - time: 0
      value: 0
      inSlope: 0
      outSlope: 0
      tangentMode: 0
    - time: 1
      value: 60
      inSlope: 0
      outSlope: 0
      tangentMode: 0
    m_PreInfinity: 2
    m_PostInfinity: 2
  CMesh: {fileID: 0}
  EmitType: 3
  BoxSize: {x: 0, y: 0, z: 0}
  EmitPoint: {x: 0, y: .100000001, z: 0}
  Radius: 0
  UseRandomCircle: 1
  CircleRadiusMin: 0
  CircleRadiusMax: 10
  CircleDir: {x: 0, y: 1, z: 0}
  EmitUniform: 0
  LineLengthLeft: -1
  LineLengthRight: 1
  MaxENodes: 10
  IsNodeLifeLoop: 0
  NodeLifeMin: .400000006
  NodeLifeMax: .400000006
  EmitWay: 0
  EmitterCurve:
    serializedVersion: 2
    m_Curve:
    - time: 0
      value: 0
      inSlope: 0
      outSlope: 0
      tangentMode: 0
    - time: 1
      value: 10
      inSlope: 0
      outSlope: 0
      tangentMode: 0
    m_PreInfinity: 2
    m_PostInfinity: 2
  DiffDistance: .100000001
  EmitMesh: {fileID: 0}
  EmitMeshType: 0
  IsBurstEmit: 0
  ChanceToEmit: 100
  EmitDuration: 1
  EmitRate: 10
  EmitLoop: -1
  EmitDelay: 0
  DirType: 0
  DirCenter: {fileID: 453006}
  OriVelocityAxis: {x: 0, y: 1, z: 0}
  AngleAroundAxis: 0
  UseRandomDirAngle: 0
  AngleAroundAxisMax: 0
  OriSpeed: 0
  AlwaysSyncRotation: 0
  IsRandomSpeed: 0
  SpeedMin: 0
  SpeedMax: 0
  JetAffectorEnable: 0
  JetMagType: 0
  JetMag: 0
  JetCurve:
    serializedVersion: 2
    m_Curve: []
    m_PreInfinity: 2
    m_PostInfinity: 2
  JetMin: 0
  JetMax: 0
  VortexAffectorEnable: 0
  VortexMagType: 0
  VortexMag: 1
  VortexMagMax: 1
  VortexCurve:
    serializedVersion: 2
    m_Curve: []
    m_PreInfinity: 2
    m_PostInfinity: 2
  VortexDirection: {x: 0, y: 1, z: 0}
  VortexInheritRotation: 1
  VortexObj: {fileID: 453006}
  IsFixedCircle: 0
  VortexTime: -1
  IsRandomVortexDir: 0
  IsVortexAccelerate: 0
  VortexAttenuation: 0
  UseVortexMaxDistance: 0
  VortexMaxDistance: 0
  UVRotAffectorEnable: 0
  RandomUVRotateSpeed: 0
  UVRotXSpeed: 0
  UVRotYSpeed: 0
  UVRotXSpeedMax: 0
  UVRotYSpeedMax: 0
  GravityAffectorEnable: 0
  GravityAftType: 0
  GravityMagType: 0
  GravityMag: 0
  GravityCurve:
    serializedVersion: 2
    m_Curve: []
    m_PreInfinity: 2
    m_PostInfinity: 2
  GravityDirection: {x: 0, y: 1, z: 0}
  GravityObject: {fileID: 453006}
  IsGravityAccelerate: 1
  IsSine: 0
  SineFreq: 1
  SineAffectorEnable: 0
  SineForce: {x: 0, y: 1, z: 0}
  ModifyPos: 1
  SineMaxFreq: 5
  SineMinFreq: 1
  AirAffectorEnable: 0
  AirObject: {fileID: 453006}
  AirMagType: 0
  AirMagnitude: 0
  AirMagCurve:
    serializedVersion: 2
    m_Curve: []
    m_PreInfinity: 2
    m_PostInfinity: 2
  AirDirection: {x: 0, y: 0, z: 0}
  AirAttenuation: 0
  AirUseMaxDistance: 0
  AirMaxDistance: 0
  AirEnableSpread: 0
  AirSpread: 0
  AirInheritVelocity: 0
  AirInheritRotation: 0
  BombAffectorEnable: 0
  BombObject: {fileID: 453006}
  BombType: 1
  BombDecayType: 0
  BombMagType: 0
  BombMagnitude: 0
  BombMagCurve:
    serializedVersion: 2
    m_Curve: []
    m_PreInfinity: 2
    m_PostInfinity: 2
  BombAxis: {x: 0, y: 0, z: 0}
  BombDecay: 0
  TurbulenceAffectorEnable: 0
  TurbulenceObject: {fileID: 453006}
  TurbulenceMagType: 0
  TurbulenceMagnitude: 0
  TurbulenceMagCurve:
    serializedVersion: 2
    m_Curve: []
    m_PreInfinity: 2
    m_PostInfinity: 2
  TurbulenceAttenuation: 0
  TurbulenceUseMaxDistance: 0
  TurbulenceMaxDistance: 0
  DragAffectorEnable: 0
  DragObj: {fileID: 453006}
  DragUseDir: 0
  DragDir: {x: 0, y: 1, z: 0}
  DragMag: 10
  DragUseMaxDist: 0
  DragMaxDist: 50
  DragAtten: 0
  UVAffectorEnable: 1
  UVType: 1
  OriTopLeftUV: {x: 0, y: 0}
  OriUVDimensions: {x: 1, y: 1}
  Cols: 3
  Rows: 3
  LoopCircles: -1
  UVTime: .600000024
  EanPath: none
  EanIndex: 0
  RandomStartFrame: 0
  UseCollisionDetection: 0
  ParticleRadius: 1
  CollisionType: 0
  CollisionAutoDestroy: 1
  EventReceiver: {fileID: 0}
  EventHandleFunctionName: ' '
  CollisionGoal: {fileID: 0}
  ColliisionPosRange: 0
  CollisionLayer:
    serializedVersion: 2
    m_Bits: 0
  JumpHeight: .300000012
  CollisionOffset: 0
  PlaneDir: {x: 0, y: 1, z: 0}
  PlaneOffset: {x: 0, y: 0, z: 0}
  UseSubEmitters: 0
  SpawnCache: {fileID: 0}
  BirthSubEmitter: 
  CollisionSubEmitter: 
  DeathSubEmitter: 
  AvailableNodeCount: 7
  LastClientPos: {x: 4.0999999, y: 0, z: -12.6999998}
  MyCamera: {fileID: 0}
  Owner: {fileID: 11453004}
  mStopped: 0
--- !u!114 &11453010
MonoBehaviour:
  m_ObjectHideFlags: 1
  m_PrefabParentObject: {fileID: 0}
  m_PrefabInternal: {fileID: 100100000}
  m_GameObject: {fileID: 153008}
  m_Enabled: 1
  m_EditorHideFlags: 0
  m_Script: {fileID: 11500000, guid: 4eaa492ec72a57543b3ace7c81409998, type: 3}
  m_Name: 
  m_EditorClassIdentifier: 
  VersionIdentifier1: 222
  ClientTransform: {fileID: 453008}
  SyncClient: 0
  Material: {fileID: 2100000, guid: c4aac7b37616f4080a927d88f7e7485b, type: 2}
  RenderType: 0
  StartTime: 0
  MaxFps: 60
  DebugColor: {r: 1, g: 1, b: 1, a: 1}
  Depth: 0
  SpriteType: 1
  OriPoint: 0
  SpriteWidth: 1
  SpriteHeight: 1
  SpriteUVStretch: 0
  RandomOriScale: 1
  RandomOriRot: 1
  IsTowardZ: 0
  OriRotationMin: 0
  OriRotationMax: 360
  RotAffectorEnable: 1
  RotateType: 4
  DeltaRot: 0
  RotateCurve:
    serializedVersion: 2
    m_Curve:
    - time: 0
      value: 0
      inSlope: 0
      outSlope: 0
      tangentMode: 0
    - time: 1
      value: 360
      inSlope: 0
      outSlope: 0
      tangentMode: 0
    m_PreInfinity: 2
    m_PostInfinity: 2
  RotateCurveWrap: 0
  RotateCurveTime: 1
  RotateCurveMaxValue: 1
  RotateCurve01:
    serializedVersion: 2
    m_Curve:
    - time: 0
      value: 0
      inSlope: 0
      outSlope: 0
      tangentMode: 0
    - time: 1
      value: 1
      inSlope: 0
      outSlope: 0
      tangentMode: 0
    m_PreInfinity: 2
    m_PostInfinity: 2
  RotateSpeedMin: -100
  RotateSpeedMax: 100
  OriScaleXMin: .25
  OriScaleXMax: .5
  OriScaleYMin: .25
  OriScaleYMax: .5
  OriScaleZ: 1
  ScaleAffectorEnable: 1
  ScaleType: 3
  DeltaScaleX: 0
  DeltaScaleY: 0
  IsScaleZ: 0
  ScaleZCurveNew:
    serializedVersion: 2
    m_Curve:
    - time: 0
      value: 1
      inSlope: 0
      outSlope: 0
      tangentMode: 0
    - time: 1
      value: 1
      inSlope: 0
      outSlope: 0
      tangentMode: 0
    m_PreInfinity: 2
    m_PostInfinity: 2
  ScaleXCurve:
    serializedVersion: 2
    m_Curve:
    - time: 0
      value: 1
      inSlope: 0
      outSlope: 0
      tangentMode: 0
    - time: 1
      value: 5
      inSlope: 0
      outSlope: 0
      tangentMode: 0
    m_PreInfinity: 2
    m_PostInfinity: 2
  ScaleYCurve:
    serializedVersion: 2
    m_Curve:
    - time: 0
      value: 1
      inSlope: 0
      outSlope: 0
      tangentMode: 0
    - time: 1
      value: 5
      inSlope: 0
      outSlope: 0
      tangentMode: 0
    m_PreInfinity: 2
    m_PostInfinity: 2
  ScaleWrapMode: 1
  ScaleCurveTime: -1
  MaxScaleCalue: 1
  ScaleXCurveNew:
    serializedVersion: 2
    m_Curve:
    - time: 0
      value: 1
      inSlope: 0
      outSlope: 0
      tangentMode: 0
    - time: .797999978
      value: .751999974
      inSlope: 0
      outSlope: 0
      tangentMode: 0
    - time: 1
      value: 0
      inSlope: 0
      outSlope: 0
      tangentMode: 0
    m_PreInfinity: 2
    m_PostInfinity: 2
  ScaleYCurveNew:
    serializedVersion: 2
    m_Curve:
    - time: 0
      value: 1
      inSlope: 0
      outSlope: 0
      tangentMode: 0
    - time: 1
      value: 1
      inSlope: 0
      outSlope: 0
      tangentMode: 0
    m_PreInfinity: 2
    m_PostInfinity: 2
  UseSameScaleCurve: 1
  DeltaScaleXMax: 0
  DeltaScaleYMax: 0
  ColorAffectorEnable: 0
  ColorAffectType: 0
  ColorGradualTimeLength: -1
  ColorGradualType: 0
  Color1: {r: 1, g: 1, b: 1, a: 1}
  Color2: {r: 0, g: 0, b: 0, a: 0}
  Color3: {r: 0, g: 0, b: 0, a: 0}
  Color4: {r: 0, g: 0, b: 0, a: 0}
  Color5: {r: 0, g: 0, b: 0, a: 0}
  ColorChangeType: 0
  ColorParam:
    Colors:
    - t: 0
      Color: {r: 1, g: 1, b: 1, a: 1}
  ColorGradualCurve:
    serializedVersion: 2
    m_Curve:
    - time: 0
      value: 0
      inSlope: 0
      outSlope: 0
      tangentMode: 0
    - time: 1
      value: 1
      inSlope: 0
      outSlope: 0
      tangentMode: 0
    m_PreInfinity: 2
    m_PostInfinity: 2
  RibbonWidth: 1
  MaxRibbonElements: 8
  RibbonLen: 15
  TailDistance: 0
  StretchType: 0
  FaceToObject: 0
  FaceObject: {fileID: 0}
  IsWeapon: 0
  IsScale: 0
  UseRandomRibbon: 0
  RibbonWidthMin: 1
  RibbonWidthMax: 1
  RibbonLenMin: 15
  RibbonLenMax: 15
  ConeSize: {x: 1, y: 1}
  ConeAngle: 0
  ConeSegment: 4
  UseConeAngleChange: 0
  ConeDeltaAngle:
    serializedVersion: 2
    m_Curve:
    - time: 0
      value: 0
      inSlope: 0
      outSlope: 0
      tangentMode: 0
    - time: 1
      value: 60
      inSlope: 0
      outSlope: 0
      tangentMode: 0
    m_PreInfinity: 2
    m_PostInfinity: 2
  CMesh: {fileID: 0}
  EmitType: 3
  BoxSize: {x: 0, y: 0, z: 0}
  EmitPoint: {x: 0, y: 0, z: 0}
  Radius: 0
  UseRandomCircle: 1
  CircleRadiusMin: 0
  CircleRadiusMax: 10
  CircleDir: {x: 0, y: 1, z: 0}
  EmitUniform: 0
  LineLengthLeft: -1
  LineLengthRight: 1
  MaxENodes: 20
  IsNodeLifeLoop: 0
  NodeLifeMin: 2
  NodeLifeMax: 3
  EmitWay: 0
  EmitterCurve:
    serializedVersion: 2
    m_Curve:
    - time: 0
      value: 0
      inSlope: 0
      outSlope: 0
      tangentMode: 0
    - time: 1
      value: 10
      inSlope: 0
      outSlope: 0
      tangentMode: 0
    m_PreInfinity: 2
    m_PostInfinity: 2
  DiffDistance: .100000001
  EmitMesh: {fileID: 0}
  EmitMeshType: 0
  IsBurstEmit: 0
  ChanceToEmit: 100
  EmitDuration: 1
  EmitRate: 5
  EmitLoop: -1
  EmitDelay: 0
  DirType: 1
  DirCenter: {fileID: 453008}
  OriVelocityAxis: {x: 0, y: 1, z: 0}
  AngleAroundAxis: 0
  UseRandomDirAngle: 1
  AngleAroundAxisMax: 10
  OriSpeed: 4
  AlwaysSyncRotation: 0
  IsRandomSpeed: 1
  SpeedMin: 4
  SpeedMax: 5
  JetAffectorEnable: 0
  JetMagType: 0
  JetMag: 0
  JetCurve:
    serializedVersion: 2
    m_Curve: []
    m_PreInfinity: 2
    m_PostInfinity: 2
  JetMin: 0
  JetMax: 0
  VortexAffectorEnable: 1
  VortexMagType: 0
  VortexMag: 1
  VortexMagMax: 1
  VortexCurve:
    serializedVersion: 2
    m_Curve: []
    m_PreInfinity: 2
    m_PostInfinity: 2
  VortexDirection: {x: 0, y: 1, z: 0}
  VortexInheritRotation: 1
  VortexObj: {fileID: 453010}
  IsFixedCircle: 0
  VortexTime: -1
  IsRandomVortexDir: 0
  IsVortexAccelerate: 1
  VortexAttenuation: 0
  UseVortexMaxDistance: 0
  VortexMaxDistance: 0
  UVRotAffectorEnable: 0
  RandomUVRotateSpeed: 0
  UVRotXSpeed: 0
  UVRotYSpeed: 0
  UVRotXSpeedMax: 0
  UVRotYSpeedMax: 0
  GravityAffectorEnable: 0
  GravityAftType: 0
  GravityMagType: 0
  GravityMag: 0
  GravityCurve:
    serializedVersion: 2
    m_Curve: []
    m_PreInfinity: 2
    m_PostInfinity: 2
  GravityDirection: {x: 0, y: 1, z: 0}
  GravityObject: {fileID: 453008}
  IsGravityAccelerate: 1
  IsSine: 0
  SineFreq: 1
  SineAffectorEnable: 1
  SineForce: {x: .5, y: 0, z: .5}
  ModifyPos: 1
  SineMaxFreq: .5
  SineMinFreq: 2
  AirAffectorEnable: 0
  AirObject: {fileID: 453008}
  AirMagType: 0
  AirMagnitude: 0
  AirMagCurve:
    serializedVersion: 2
    m_Curve: []
    m_PreInfinity: 2
    m_PostInfinity: 2
  AirDirection: {x: 0, y: 0, z: 0}
  AirAttenuation: 0
  AirUseMaxDistance: 0
  AirMaxDistance: 0
  AirEnableSpread: 0
  AirSpread: 0
  AirInheritVelocity: 0
  AirInheritRotation: 0
  BombAffectorEnable: 0
  BombObject: {fileID: 453008}
  BombType: 1
  BombDecayType: 0
  BombMagType: 0
  BombMagnitude: 0
  BombMagCurve:
    serializedVersion: 2
    m_Curve: []
    m_PreInfinity: 2
    m_PostInfinity: 2
  BombAxis: {x: 0, y: 0, z: 0}
  BombDecay: 0
  TurbulenceAffectorEnable: 0
  TurbulenceObject: {fileID: 453008}
  TurbulenceMagType: 0
  TurbulenceMagnitude: 0
  TurbulenceMagCurve:
    serializedVersion: 2
    m_Curve: []
    m_PreInfinity: 2
    m_PostInfinity: 2
  TurbulenceAttenuation: 0
  TurbulenceUseMaxDistance: 0
  TurbulenceMaxDistance: 0
  DragAffectorEnable: 0
  DragObj: {fileID: 453008}
  DragUseDir: 0
  DragDir: {x: 0, y: 1, z: 0}
  DragMag: 10
  DragUseMaxDist: 0
  DragMaxDist: 50
  DragAtten: 0
  UVAffectorEnable: 0
  UVType: 0
  OriTopLeftUV: {x: 0, y: 0}
  OriUVDimensions: {x: 1, y: 1}
  Cols: 1
  Rows: 1
  LoopCircles: -1
  UVTime: -1
  EanPath: none
  EanIndex: 0
  RandomStartFrame: 0
  UseCollisionDetection: 0
  ParticleRadius: 1
  CollisionType: 0
  CollisionAutoDestroy: 1
  EventReceiver: {fileID: 0}
  EventHandleFunctionName: ' '
  CollisionGoal: {fileID: 0}
  ColliisionPosRange: 0
  CollisionLayer:
    serializedVersion: 2
    m_Bits: 0
  JumpHeight: .300000012
  CollisionOffset: 0
  PlaneDir: {x: 0, y: 1, z: 0}
  PlaneOffset: {x: 0, y: 0, z: 0}
  UseSubEmitters: 0
  SpawnCache: {fileID: 0}
  BirthSubEmitter: 
  CollisionSubEmitter: 
  DeathSubEmitter: 
  AvailableNodeCount: 10
  LastClientPos: {x: 4.0999999, y: 0, z: -12.6999998}
  MyCamera: {fileID: 0}
  Owner: {fileID: 11453004}
  mStopped: 0
--- !u!1001 &100100000
Prefab:
  m_ObjectHideFlags: 1
  serializedVersion: 2
  m_Modification:
    m_TransformParent: {fileID: 0}
    m_Modifications: []
    m_RemovedComponents: []
  m_ParentPrefab: {fileID: 0}
  m_RootGameObject: {fileID: 153002}
  m_IsPrefabParent: 1
  m_IsExploded: 1
