%YAML 1.1
%TAG !u! tag:unity3d.com,2011:
--- !u!1 &132550
GameObject:
  m_ObjectHideFlags: 0
  m_PrefabParentObject: {fileID: 0}
  m_PrefabInternal: {fileID: 100100000}
  serializedVersion: 4
  m_Component:
  - 4: {fileID: 432550}
  - 114: {fileID: 11432550}
  m_Layer: 0
  m_Name: PotGlow
  m_TagString: Untagged
  m_Icon: {fileID: 0}
  m_NavMeshLayer: 0
  m_StaticEditorFlags: 0
  m_IsActive: 1
--- !u!1 &132552
GameObject:
  m_ObjectHideFlags: 0
  m_PrefabParentObject: {fileID: 0}
  m_PrefabInternal: {fileID: 100100000}
  serializedVersion: 4
  m_Component:
  - 4: {fileID: 432552}
  - 114: {fileID: 11432552}
  m_Layer: 0
  m_Name: Splash
  m_TagString: Untagged
  m_Icon: {fileID: 0}
  m_NavMeshLayer: 0
  m_StaticEditorFlags: 0
  m_IsActive: 1
--- !u!1 &132554
GameObject:
  m_ObjectHideFlags: 0
  m_PrefabParentObject: {fileID: 0}
  m_PrefabInternal: {fileID: 100100000}
  serializedVersion: 4
  m_Component:
  - 4: {fileID: 432554}
  - 114: {fileID: 11432554}
  m_Layer: 0
  m_Name: PotLiquid
  m_TagString: Untagged
  m_Icon: {fileID: 0}
  m_NavMeshLayer: 0
  m_StaticEditorFlags: 0
  m_IsActive: 1
--- !u!1 &132556
GameObject:
  m_ObjectHideFlags: 0
  m_PrefabParentObject: {fileID: 0}
  m_PrefabInternal: {fileID: 100100000}
  serializedVersion: 4
  m_Component:
  - 4: {fileID: 432556}
  - 114: {fileID: 11432556}
  m_Layer: 0
  m_Name: bubblingCauldron
  m_TagString: Untagged
  m_Icon: {fileID: 0}
  m_NavMeshLayer: 0
  m_StaticEditorFlags: 0
  m_IsActive: 1
--- !u!4 &432550
Transform:
  m_ObjectHideFlags: 1
  m_PrefabParentObject: {fileID: 0}
  m_PrefabInternal: {fileID: 100100000}
  m_GameObject: {fileID: 132550}
  m_LocalRotation: {x: 0, y: 0, z: 0, w: 1}
  m_LocalPosition: {x: -0, y: .540000021, z: -.0799999982}
  m_LocalScale: {x: 1, y: 1, z: 1}
  m_Children: []
  m_Father: {fileID: 432556}
  m_RootOrder: 0
--- !u!4 &432552
Transform:
  m_ObjectHideFlags: 1
  m_PrefabParentObject: {fileID: 0}
  m_PrefabInternal: {fileID: 100100000}
  m_GameObject: {fileID: 132552}
  m_LocalRotation: {x: 0, y: 0, z: 0, w: 1}
  m_LocalPosition: {x: -0, y: .0299999993, z: 0}
  m_LocalScale: {x: 1, y: 1, z: 1}
  m_Children: []
  m_Father: {fileID: 432556}
  m_RootOrder: 2
--- !u!4 &432554
Transform:
  m_ObjectHideFlags: 1
  m_PrefabParentObject: {fileID: 0}
  m_PrefabInternal: {fileID: 100100000}
  m_GameObject: {fileID: 132554}
  m_LocalRotation: {x: 0, y: 0, z: 0, w: 1}
  m_LocalPosition: {x: -0, y: .540000021, z: -.0799999982}
  m_LocalScale: {x: 1, y: 1, z: 1}
  m_Children: []
  m_Father: {fileID: 432556}
  m_RootOrder: 1
--- !u!4 &432556
Transform:
  m_ObjectHideFlags: 1
  m_PrefabParentObject: {fileID: 0}
  m_PrefabInternal: {fileID: 100100000}
  m_GameObject: {fileID: 132556}
  m_LocalRotation: {x: 0, y: 0, z: 0, w: 1}
  m_LocalPosition: {x: 0, y: 0, z: 0}
  m_LocalScale: {x: 1, y: 1, z: 1}
  m_Children:
  - {fileID: 432550}
  - {fileID: 432554}
  - {fileID: 432552}
  m_Father: {fileID: 0}
  m_RootOrder: 0
--- !u!114 &11432550
MonoBehaviour:
  m_ObjectHideFlags: 1
  m_PrefabParentObject: {fileID: 0}
  m_PrefabInternal: {fileID: 100100000}
  m_GameObject: {fileID: 132550}
  m_Enabled: 1
  m_EditorHideFlags: 0
  m_Script: {fileID: 11500000, guid: 4eaa492ec72a57543b3ace7c81409998, type: 3}
  m_Name: 
  m_EditorClassIdentifier: 
  VersionIdentifier1: 222
  ClientTransform: {fileID: 432550}
  SyncClient: 0
  Material: {fileID: 2100000, guid: d82218b38619e4f4b9c24933bb25b4df, type: 2}
  RenderType: 0
  StartTime: 0
  MaxFps: 60
  DebugColor: {r: 1, g: 1, b: 1, a: 1}
  Depth: 0
  SpriteType: 4
  OriPoint: 0
  SpriteWidth: 1
  SpriteHeight: 1
  SpriteUVStretch: 0
  RandomOriScale: 0
  RandomOriRot: 0
  IsTowardZ: 0
  OriRotationMin: 0
  OriRotationMax: 0
  RotAffectorEnable: 1
  RotateType: 1
  DeltaRot: 0
  RotateCurve:
    serializedVersion: 2
    m_Curve:
    - time: 0
      value: 0
      inSlope: 0
      outSlope: 0
      tangentMode: 0
    - time: 1
      value: 360
      inSlope: 0
      outSlope: 0
      tangentMode: 0
    m_PreInfinity: 2
    m_PostInfinity: 2
  RotateCurveWrap: 0
  RotateCurveTime: 1
  RotateCurveMaxValue: 1
  RotateCurve01:
    serializedVersion: 2
    m_Curve:
    - time: 0
      value: 0
      inSlope: 0
      outSlope: 0
      tangentMode: 0
    - time: 1
      value: 1
      inSlope: 0
      outSlope: 0
      tangentMode: 0
    m_PreInfinity: 2
    m_PostInfinity: 2
  RotateSpeedMin: -5
  RotateSpeedMax: -5
  OriScaleXMin: .800000012
  OriScaleXMax: .800000012
  OriScaleYMin: .800000012
  OriScaleYMax: .800000012
  OriScaleZ: 1
  ScaleAffectorEnable: 0
  ScaleType: 0
  DeltaScaleX: 0
  DeltaScaleY: 0
  IsScaleZ: 0
  ScaleZCurveNew:
    serializedVersion: 2
    m_Curve:
    - time: 0
      value: 1
      inSlope: 0
      outSlope: 0
      tangentMode: 0
    - time: 1
      value: 1
      inSlope: 0
      outSlope: 0
      tangentMode: 0
    m_PreInfinity: 2
    m_PostInfinity: 2
  ScaleXCurve:
    serializedVersion: 2
    m_Curve:
    - time: 0
      value: 1
      inSlope: 0
      outSlope: 0
      tangentMode: 0
    - time: 1
      value: 5
      inSlope: 0
      outSlope: 0
      tangentMode: 0
    m_PreInfinity: 2
    m_PostInfinity: 2
  ScaleYCurve:
    serializedVersion: 2
    m_Curve:
    - time: 0
      value: 1
      inSlope: 0
      outSlope: 0
      tangentMode: 0
    - time: 1
      value: 5
      inSlope: 0
      outSlope: 0
      tangentMode: 0
    m_PreInfinity: 2
    m_PostInfinity: 2
  ScaleWrapMode: 0
  ScaleCurveTime: -1
  MaxScaleCalue: 1
  ScaleXCurveNew:
    serializedVersion: 2
    m_Curve:
    - time: 0
      value: 1
      inSlope: 0
      outSlope: 0
      tangentMode: 0
    - time: 1
      value: 1
      inSlope: 0
      outSlope: 0
      tangentMode: 0
    m_PreInfinity: 2
    m_PostInfinity: 2
  ScaleYCurveNew:
    serializedVersion: 2
    m_Curve:
    - time: 0
      value: 1
      inSlope: 0
      outSlope: 0
      tangentMode: 0
    - time: 1
      value: 1
      inSlope: 0
      outSlope: 0
      tangentMode: 0
    m_PreInfinity: 2
    m_PostInfinity: 2
  UseSameScaleCurve: 0
  DeltaScaleXMax: 0
  DeltaScaleYMax: 0
  ColorAffectorEnable: 1
  ColorAffectType: 0
  ColorGradualTimeLength: -1
  ColorGradualType: 1
  Color1: {r: 1, g: 1, b: 1, a: 1}
  Color2: {r: 0, g: 0, b: 0, a: 0}
  Color3: {r: 0, g: 0, b: 0, a: 0}
  Color4: {r: 0, g: 0, b: 0, a: 0}
  Color5: {r: 0, g: 0, b: 0, a: 0}
  ColorChangeType: 1
  ColorParam:
    Colors:
    - t: 0
      Color: {r: .0862744972, g: .176470995, b: 0, a: 1}
    - t: .525252998
      Color: {r: .0274509992, g: .0588234998, b: 0, a: 1}
    - t: 1
      Color: {r: .0862744972, g: .176470995, b: 0, a: 1}
  ColorGradualCurve:
    serializedVersion: 2
    m_Curve:
    - time: 0
      value: 0
      inSlope: 0
      outSlope: 0
      tangentMode: 0
    - time: 1
      value: 1
      inSlope: 0
      outSlope: 0
      tangentMode: 0
    m_PreInfinity: 2
    m_PostInfinity: 2
  RibbonWidth: 1
  MaxRibbonElements: 8
  RibbonLen: 15
  TailDistance: 0
  StretchType: 0
  FaceToObject: 0
  FaceObject: {fileID: 0}
  IsWeapon: 0
  IsScale: 0
  UseRandomRibbon: 0
  RibbonWidthMin: 1
  RibbonWidthMax: 1
  RibbonLenMin: 15
  RibbonLenMax: 15
  ConeSize: {x: 1, y: 1}
  ConeAngle: 0
  ConeSegment: 4
  UseConeAngleChange: 0
  ConeDeltaAngle:
    serializedVersion: 2
    m_Curve:
    - time: 0
      value: 0
      inSlope: 0
      outSlope: 0
      tangentMode: 0
    - time: 1
      value: 60
      inSlope: 0
      outSlope: 0
      tangentMode: 0
    m_PreInfinity: 2
    m_PostInfinity: 2
  CMesh: {fileID: 0}
  EmitType: 0
  BoxSize: {x: 0, y: 0, z: 0}
  EmitPoint: {x: 0, y: 0, z: 0}
  Radius: 0
  UseRandomCircle: 0
  CircleRadiusMin: 1
  CircleRadiusMax: 10
  CircleDir: {x: 0, y: 1, z: 0}
  EmitUniform: 0
  LineLengthLeft: -1
  LineLengthRight: 1
  MaxENodes: 2
  IsNodeLifeLoop: 1
  NodeLifeMin: 2
  NodeLifeMax: 2
  EmitWay: 0
  EmitterCurve:
    serializedVersion: 2
    m_Curve:
    - time: 0
      value: 0
      inSlope: 0
      outSlope: 0
      tangentMode: 0
    - time: 1
      value: 10
      inSlope: 0
      outSlope: 0
      tangentMode: 0
    m_PreInfinity: 2
    m_PostInfinity: 2
  DiffDistance: .100000001
  EmitMesh: {fileID: 0}
  EmitMeshType: 0
  IsBurstEmit: 1
  ChanceToEmit: 100
  EmitDuration: 1
  EmitRate: 1
  EmitLoop: -1
  EmitDelay: 0
  DirType: 0
  DirCenter: {fileID: 432550}
  OriVelocityAxis: {x: 0, y: 1, z: 0}
  AngleAroundAxis: 0
  UseRandomDirAngle: 0
  AngleAroundAxisMax: 0
  OriSpeed: 0
  AlwaysSyncRotation: 0
  IsRandomSpeed: 0
  SpeedMin: 0
  SpeedMax: 0
  JetAffectorEnable: 0
  JetMagType: 0
  JetMag: 0
  JetCurve:
    serializedVersion: 2
    m_Curve: []
    m_PreInfinity: 2
    m_PostInfinity: 2
  JetMin: 0
  JetMax: 0
  VortexAffectorEnable: 0
  VortexMagType: 0
  VortexMag: 1
  VortexMagMax: 1
  VortexCurve:
    serializedVersion: 2
    m_Curve: []
    m_PreInfinity: 2
    m_PostInfinity: 2
  VortexDirection: {x: 0, y: 1, z: 0}
  VortexInheritRotation: 1
  VortexObj: {fileID: 432550}
  IsFixedCircle: 0
  VortexTime: -1
  IsRandomVortexDir: 0
  IsVortexAccelerate: 0
  VortexAttenuation: 0
  UseVortexMaxDistance: 0
  VortexMaxDistance: 0
  UVRotAffectorEnable: 0
  RandomUVRotateSpeed: 0
  UVRotXSpeed: 0
  UVRotYSpeed: 0
  UVRotXSpeedMax: 0
  UVRotYSpeedMax: 0
  GravityAffectorEnable: 0
  GravityAftType: 0
  GravityMagType: 0
  GravityMag: 0
  GravityCurve:
    serializedVersion: 2
    m_Curve: []
    m_PreInfinity: 2
    m_PostInfinity: 2
  GravityDirection: {x: 0, y: 1, z: 0}
  GravityObject: {fileID: 432550}
  IsGravityAccelerate: 1
  IsSine: 0
  SineFreq: 1
  SineAffectorEnable: 0
  SineForce: {x: 0, y: 1, z: 0}
  ModifyPos: 1
  SineMaxFreq: 5
  SineMinFreq: 1
  AirAffectorEnable: 0
  AirObject: {fileID: 432550}
  AirMagType: 0
  AirMagnitude: 0
  AirMagCurve:
    serializedVersion: 2
    m_Curve: []
    m_PreInfinity: 2
    m_PostInfinity: 2
  AirDirection: {x: 0, y: 0, z: 0}
  AirAttenuation: 0
  AirUseMaxDistance: 0
  AirMaxDistance: 0
  AirEnableSpread: 0
  AirSpread: 0
  AirInheritVelocity: 0
  AirInheritRotation: 0
  BombAffectorEnable: 0
  BombObject: {fileID: 432550}
  BombType: 1
  BombDecayType: 0
  BombMagType: 0
  BombMagnitude: 0
  BombMagCurve:
    serializedVersion: 2
    m_Curve: []
    m_PreInfinity: 2
    m_PostInfinity: 2
  BombAxis: {x: 0, y: 0, z: 0}
  BombDecay: 0
  TurbulenceAffectorEnable: 0
  TurbulenceObject: {fileID: 432550}
  TurbulenceMagType: 0
  TurbulenceMagnitude: 0
  TurbulenceMagCurve:
    serializedVersion: 2
    m_Curve: []
    m_PreInfinity: 2
    m_PostInfinity: 2
  TurbulenceAttenuation: 0
  TurbulenceUseMaxDistance: 0
  TurbulenceMaxDistance: 0
  DragAffectorEnable: 0
  DragObj: {fileID: 432550}
  DragUseDir: 0
  DragDir: {x: 0, y: 1, z: 0}
  DragMag: 10
  DragUseMaxDist: 0
  DragMaxDist: 50
  DragAtten: 0
  UVAffectorEnable: 0
  UVType: 0
  OriTopLeftUV: {x: 0, y: 0}
  OriUVDimensions: {x: 1, y: 1}
  Cols: 1
  Rows: 1
  LoopCircles: -1
  UVTime: -1
  EanPath: none
  EanIndex: 0
  RandomStartFrame: 0
  UseCollisionDetection: 0
  ParticleRadius: 1
  CollisionType: 0
  CollisionAutoDestroy: 1
  EventReceiver: {fileID: 0}
  EventHandleFunctionName: ' '
  CollisionGoal: {fileID: 0}
  ColliisionPosRange: 0
  CollisionLayer:
    serializedVersion: 2
    m_Bits: 0
  JumpHeight: .300000012
  CollisionOffset: 0
  PlaneDir: {x: 0, y: 1, z: 0}
  PlaneOffset: {x: 0, y: 0, z: 0}
  UseSubEmitters: 0
  SpawnCache: {fileID: 0}
  BirthSubEmitter: 
  CollisionSubEmitter: 
  DeathSubEmitter: 
  AvailableNodeCount: 1
  LastClientPos: {x: 0, y: .540000021, z: -.0799999982}
  MyCamera: {fileID: 0}
  Owner: {fileID: 11432556}
  mStopped: 0
--- !u!114 &11432552
MonoBehaviour:
  m_ObjectHideFlags: 1
  m_PrefabParentObject: {fileID: 0}
  m_PrefabInternal: {fileID: 100100000}
  m_GameObject: {fileID: 132552}
  m_Enabled: 1
  m_EditorHideFlags: 0
  m_Script: {fileID: 11500000, guid: 4eaa492ec72a57543b3ace7c81409998, type: 3}
  m_Name: 
  m_EditorClassIdentifier: 
  VersionIdentifier1: 222
  ClientTransform: {fileID: 432552}
  SyncClient: 0
  Material: {fileID: 2100000, guid: 8910565a656564eea841ba0f145af541, type: 2}
  RenderType: 0
  StartTime: 0
  MaxFps: 60
  DebugColor: {r: 1, g: 1, b: 1, a: 1}
  Depth: 0
  SpriteType: 4
  OriPoint: 0
  SpriteWidth: 1
  SpriteHeight: 1
  SpriteUVStretch: 0
  RandomOriScale: 1
  RandomOriRot: 1
  IsTowardZ: 0
  OriRotationMin: 0
  OriRotationMax: 360
  RotAffectorEnable: 1
  RotateType: 1
  DeltaRot: 0
  RotateCurve:
    serializedVersion: 2
    m_Curve:
    - time: 0
      value: 0
      inSlope: 0
      outSlope: 0
      tangentMode: 0
    - time: 1
      value: 360
      inSlope: 0
      outSlope: 0
      tangentMode: 0
    m_PreInfinity: 2
    m_PostInfinity: 2
  RotateCurveWrap: 0
  RotateCurveTime: 1
  RotateCurveMaxValue: 1
  RotateCurve01:
    serializedVersion: 2
    m_Curve:
    - time: 0
      value: 0
      inSlope: 0
      outSlope: 0
      tangentMode: 0
    - time: 1
      value: 1
      inSlope: 0
      outSlope: 0
      tangentMode: 0
    m_PreInfinity: 2
    m_PostInfinity: 2
  RotateSpeedMin: 0
  RotateSpeedMax: 0
  OriScaleXMin: .0500000007
  OriScaleXMax: .150000006
  OriScaleYMin: .0500000007
  OriScaleYMax: .150000006
  OriScaleZ: 1
  ScaleAffectorEnable: 1
  ScaleType: 3
  DeltaScaleX: 0
  DeltaScaleY: 0
  IsScaleZ: 0
  ScaleZCurveNew:
    serializedVersion: 2
    m_Curve:
    - time: 0
      value: 1
      inSlope: 0
      outSlope: 0
      tangentMode: 0
    - time: 1
      value: 1
      inSlope: 0
      outSlope: 0
      tangentMode: 0
    m_PreInfinity: 2
    m_PostInfinity: 2
  ScaleXCurve:
    serializedVersion: 2
    m_Curve:
    - time: 0
      value: 1
      inSlope: 0
      outSlope: 0
      tangentMode: 0
    - time: 1
      value: 5
      inSlope: 0
      outSlope: 0
      tangentMode: 0
    m_PreInfinity: 2
    m_PostInfinity: 2
  ScaleYCurve:
    serializedVersion: 2
    m_Curve:
    - time: 0
      value: 1
      inSlope: 0
      outSlope: 0
      tangentMode: 0
    - time: 1
      value: 5
      inSlope: 0
      outSlope: 0
      tangentMode: 0
    m_PreInfinity: 2
    m_PostInfinity: 2
  ScaleWrapMode: 1
  ScaleCurveTime: -1
  MaxScaleCalue: 2
  ScaleXCurveNew:
    serializedVersion: 2
    m_Curve:
    - time: 0
      value: 0
      inSlope: 0
      outSlope: 0
      tangentMode: 0
    - time: 1
      value: 1
      inSlope: 0
      outSlope: 0
      tangentMode: 0
    m_PreInfinity: 2
    m_PostInfinity: 2
  ScaleYCurveNew:
    serializedVersion: 2
    m_Curve:
    - time: 0
      value: 1
      inSlope: 0
      outSlope: 0
      tangentMode: 0
    - time: 1
      value: 1
      inSlope: 0
      outSlope: 0
      tangentMode: 0
    m_PreInfinity: 2
    m_PostInfinity: 2
  UseSameScaleCurve: 1
  DeltaScaleXMax: 0
  DeltaScaleYMax: 0
  ColorAffectorEnable: 1
  ColorAffectType: 0
  ColorGradualTimeLength: -1
  ColorGradualType: 1
  Color1: {r: 1, g: 1, b: 1, a: 1}
  Color2: {r: 0, g: 0, b: 0, a: 0}
  Color3: {r: 0, g: 0, b: 0, a: 0}
  Color4: {r: 0, g: 0, b: 0, a: 0}
  Color5: {r: 0, g: 0, b: 0, a: 0}
  ColorChangeType: 1
  ColorParam:
    Colors:
    - t: 0
      Color: {r: .501960993, g: 1, b: 0, a: 1}
    - t: 1
      Color: {r: 0, g: 0, b: 0, a: 1}
  ColorGradualCurve:
    serializedVersion: 2
    m_Curve:
    - time: 0
      value: 0
      inSlope: 0
      outSlope: 0
      tangentMode: 0
    - time: 1
      value: 1
      inSlope: 0
      outSlope: 0
      tangentMode: 0
    m_PreInfinity: 2
    m_PostInfinity: 2
  RibbonWidth: 1
  MaxRibbonElements: 8
  RibbonLen: 15
  TailDistance: 0
  StretchType: 0
  FaceToObject: 0
  FaceObject: {fileID: 0}
  IsWeapon: 0
  IsScale: 0
  UseRandomRibbon: 0
  RibbonWidthMin: 1
  RibbonWidthMax: 1
  RibbonLenMin: 15
  RibbonLenMax: 15
  ConeSize: {x: 1, y: 1}
  ConeAngle: 0
  ConeSegment: 4
  UseConeAngleChange: 0
  ConeDeltaAngle:
    serializedVersion: 2
    m_Curve:
    - time: 0
      value: 0
      inSlope: 0
      outSlope: 0
      tangentMode: 0
    - time: 1
      value: 60
      inSlope: 0
      outSlope: 0
      tangentMode: 0
    m_PreInfinity: 2
    m_PostInfinity: 2
  CMesh: {fileID: 0}
  EmitType: 3
  BoxSize: {x: 0, y: 0, z: 0}
  EmitPoint: {x: 0, y: .50999999, z: 0}
  Radius: 0
  UseRandomCircle: 1
  CircleRadiusMin: 0
  CircleRadiusMax: .150000006
  CircleDir: {x: 0, y: 1, z: 0}
  EmitUniform: 0
  LineLengthLeft: -1
  LineLengthRight: 1
  MaxENodes: 3
  IsNodeLifeLoop: 0
  NodeLifeMin: .400000006
  NodeLifeMax: .400000006
  EmitWay: 0
  EmitterCurve:
    serializedVersion: 2
    m_Curve:
    - time: 0
      value: 0
      inSlope: 0
      outSlope: 0
      tangentMode: 0
    - time: 1
      value: 10
      inSlope: 0
      outSlope: 0
      tangentMode: 0
    m_PreInfinity: 2
    m_PostInfinity: 2
  DiffDistance: .100000001
  EmitMesh: {fileID: 0}
  EmitMeshType: 0
  IsBurstEmit: 0
  ChanceToEmit: 100
  EmitDuration: 1
  EmitRate: 3
  EmitLoop: -1
  EmitDelay: 0
  DirType: 0
  DirCenter: {fileID: 432552}
  OriVelocityAxis: {x: 0, y: 1, z: 0}
  AngleAroundAxis: 0
  UseRandomDirAngle: 0
  AngleAroundAxisMax: 0
  OriSpeed: 0
  AlwaysSyncRotation: 0
  IsRandomSpeed: 0
  SpeedMin: 0
  SpeedMax: 0
  JetAffectorEnable: 0
  JetMagType: 0
  JetMag: 0
  JetCurve:
    serializedVersion: 2
    m_Curve: []
    m_PreInfinity: 2
    m_PostInfinity: 2
  JetMin: 0
  JetMax: 0
  VortexAffectorEnable: 0
  VortexMagType: 0
  VortexMag: 1
  VortexMagMax: 1
  VortexCurve:
    serializedVersion: 2
    m_Curve: []
    m_PreInfinity: 2
    m_PostInfinity: 2
  VortexDirection: {x: 0, y: 1, z: 0}
  VortexInheritRotation: 1
  VortexObj: {fileID: 432552}
  IsFixedCircle: 0
  VortexTime: -1
  IsRandomVortexDir: 0
  IsVortexAccelerate: 0
  VortexAttenuation: 0
  UseVortexMaxDistance: 0
  VortexMaxDistance: 0
  UVRotAffectorEnable: 0
  RandomUVRotateSpeed: 0
  UVRotXSpeed: 0
  UVRotYSpeed: 0
  UVRotXSpeedMax: 0
  UVRotYSpeedMax: 0
  GravityAffectorEnable: 0
  GravityAftType: 0
  GravityMagType: 0
  GravityMag: 0
  GravityCurve:
    serializedVersion: 2
    m_Curve: []
    m_PreInfinity: 2
    m_PostInfinity: 2
  GravityDirection: {x: 0, y: 1, z: 0}
  GravityObject: {fileID: 432552}
  IsGravityAccelerate: 1
  IsSine: 0
  SineFreq: 1
  SineAffectorEnable: 0
  SineForce: {x: 0, y: 1, z: 0}
  ModifyPos: 1
  SineMaxFreq: 5
  SineMinFreq: 1
  AirAffectorEnable: 0
  AirObject: {fileID: 432552}
  AirMagType: 0
  AirMagnitude: 0
  AirMagCurve:
    serializedVersion: 2
    m_Curve: []
    m_PreInfinity: 2
    m_PostInfinity: 2
  AirDirection: {x: 0, y: 0, z: 0}
  AirAttenuation: 0
  AirUseMaxDistance: 0
  AirMaxDistance: 0
  AirEnableSpread: 0
  AirSpread: 0
  AirInheritVelocity: 0
  AirInheritRotation: 0
  BombAffectorEnable: 0
  BombObject: {fileID: 432552}
  BombType: 1
  BombDecayType: 0
  BombMagType: 0
  BombMagnitude: 0
  BombMagCurve:
    serializedVersion: 2
    m_Curve: []
    m_PreInfinity: 2
    m_PostInfinity: 2
  BombAxis: {x: 0, y: 0, z: 0}
  BombDecay: 0
  TurbulenceAffectorEnable: 0
  TurbulenceObject: {fileID: 432552}
  TurbulenceMagType: 0
  TurbulenceMagnitude: 0
  TurbulenceMagCurve:
    serializedVersion: 2
    m_Curve: []
    m_PreInfinity: 2
    m_PostInfinity: 2
  TurbulenceAttenuation: 0
  TurbulenceUseMaxDistance: 0
  TurbulenceMaxDistance: 0
  DragAffectorEnable: 0
  DragObj: {fileID: 432552}
  DragUseDir: 0
  DragDir: {x: 0, y: 1, z: 0}
  DragMag: 10
  DragUseMaxDist: 0
  DragMaxDist: 50
  DragAtten: 0
  UVAffectorEnable: 1
  UVType: 1
  OriTopLeftUV: {x: 0, y: 0}
  OriUVDimensions: {x: 1, y: 1}
  Cols: 3
  Rows: 3
  LoopCircles: -1
  UVTime: .600000024
  EanPath: none
  EanIndex: 0
  RandomStartFrame: 1
  UseCollisionDetection: 0
  ParticleRadius: 1
  CollisionType: 0
  CollisionAutoDestroy: 1
  EventReceiver: {fileID: 0}
  EventHandleFunctionName: ' '
  CollisionGoal: {fileID: 0}
  ColliisionPosRange: 0
  CollisionLayer:
    serializedVersion: 2
    m_Bits: 0
  JumpHeight: .300000012
  CollisionOffset: 0
  PlaneDir: {x: 0, y: 1, z: 0}
  PlaneOffset: {x: 0, y: 0, z: 0}
  UseSubEmitters: 0
  SpawnCache: {fileID: 0}
  BirthSubEmitter: 
  CollisionSubEmitter: 
  DeathSubEmitter: 
  AvailableNodeCount: 2
  LastClientPos: {x: 0, y: .0299999993, z: 0}
  MyCamera: {fileID: 0}
  Owner: {fileID: 11432556}
  mStopped: 0
--- !u!114 &11432554
MonoBehaviour:
  m_ObjectHideFlags: 1
  m_PrefabParentObject: {fileID: 0}
  m_PrefabInternal: {fileID: 100100000}
  m_GameObject: {fileID: 132554}
  m_Enabled: 1
  m_EditorHideFlags: 0
  m_Script: {fileID: 11500000, guid: 4eaa492ec72a57543b3ace7c81409998, type: 3}
  m_Name: 
  m_EditorClassIdentifier: 
  VersionIdentifier1: 222
  ClientTransform: {fileID: 432554}
  SyncClient: 0
  Material: {fileID: 2100000, guid: 4744cc8672eba46acbf8e625d25bf0b7, type: 2}
  RenderType: 0
  StartTime: 0
  MaxFps: 60
  DebugColor: {r: 1, g: 1, b: 1, a: 1}
  Depth: 0
  SpriteType: 4
  OriPoint: 0
  SpriteWidth: 1
  SpriteHeight: 1
  SpriteUVStretch: 0
  RandomOriScale: 0
  RandomOriRot: 0
  IsTowardZ: 0
  OriRotationMin: 0
  OriRotationMax: 0
  RotAffectorEnable: 1
  RotateType: 1
  DeltaRot: 0
  RotateCurve:
    serializedVersion: 2
    m_Curve:
    - time: 0
      value: 0
      inSlope: 0
      outSlope: 0
      tangentMode: 0
    - time: 1
      value: 360
      inSlope: 0
      outSlope: 0
      tangentMode: 0
    m_PreInfinity: 2
    m_PostInfinity: 2
  RotateCurveWrap: 0
  RotateCurveTime: 1
  RotateCurveMaxValue: 1
  RotateCurve01:
    serializedVersion: 2
    m_Curve:
    - time: 0
      value: 0
      inSlope: 0
      outSlope: 0
      tangentMode: 0
    - time: 1
      value: 1
      inSlope: 0
      outSlope: 0
      tangentMode: 0
    m_PreInfinity: 2
    m_PostInfinity: 2
  RotateSpeedMin: 5
  RotateSpeedMax: 5
  OriScaleXMin: .899999976
  OriScaleXMax: .899999976
  OriScaleYMin: .899999976
  OriScaleYMax: .899999976
  OriScaleZ: 1
  ScaleAffectorEnable: 0
  ScaleType: 0
  DeltaScaleX: 0
  DeltaScaleY: 0
  IsScaleZ: 0
  ScaleZCurveNew:
    serializedVersion: 2
    m_Curve:
    - time: 0
      value: 1
      inSlope: 0
      outSlope: 0
      tangentMode: 0
    - time: 1
      value: 1
      inSlope: 0
      outSlope: 0
      tangentMode: 0
    m_PreInfinity: 2
    m_PostInfinity: 2
  ScaleXCurve:
    serializedVersion: 2
    m_Curve:
    - time: 0
      value: 1
      inSlope: 0
      outSlope: 0
      tangentMode: 0
    - time: 1
      value: 5
      inSlope: 0
      outSlope: 0
      tangentMode: 0
    m_PreInfinity: 2
    m_PostInfinity: 2
  ScaleYCurve:
    serializedVersion: 2
    m_Curve:
    - time: 0
      value: 1
      inSlope: 0
      outSlope: 0
      tangentMode: 0
    - time: 1
      value: 5
      inSlope: 0
      outSlope: 0
      tangentMode: 0
    m_PreInfinity: 2
    m_PostInfinity: 2
  ScaleWrapMode: 0
  ScaleCurveTime: -1
  MaxScaleCalue: 1
  ScaleXCurveNew:
    serializedVersion: 2
    m_Curve:
    - time: 0
      value: 1
      inSlope: 0
      outSlope: 0
      tangentMode: 0
    - time: 1
      value: 1
      inSlope: 0
      outSlope: 0
      tangentMode: 0
    m_PreInfinity: 2
    m_PostInfinity: 2
  ScaleYCurveNew:
    serializedVersion: 2
    m_Curve:
    - time: 0
      value: 1
      inSlope: 0
      outSlope: 0
      tangentMode: 0
    - time: 1
      value: 1
      inSlope: 0
      outSlope: 0
      tangentMode: 0
    m_PreInfinity: 2
    m_PostInfinity: 2
  UseSameScaleCurve: 0
  DeltaScaleXMax: 0
  DeltaScaleYMax: 0
  ColorAffectorEnable: 1
  ColorAffectType: 0
  ColorGradualTimeLength: -1
  ColorGradualType: 1
  Color1: {r: 1, g: 1, b: 1, a: 1}
  Color2: {r: 0, g: 0, b: 0, a: 0}
  Color3: {r: 0, g: 0, b: 0, a: 0}
  Color4: {r: 0, g: 0, b: 0, a: 0}
  Color5: {r: 0, g: 0, b: 0, a: 0}
  ColorChangeType: 1
  ColorParam:
    Colors:
    - t: .525252998
      Color: {r: .282353014, g: .564706028, b: 0, a: 1}
  ColorGradualCurve:
    serializedVersion: 2
    m_Curve:
    - time: 0
      value: 0
      inSlope: 0
      outSlope: 0
      tangentMode: 0
    - time: 1
      value: 1
      inSlope: 0
      outSlope: 0
      tangentMode: 0
    m_PreInfinity: 2
    m_PostInfinity: 2
  RibbonWidth: 1
  MaxRibbonElements: 8
  RibbonLen: 15
  TailDistance: 0
  StretchType: 0
  FaceToObject: 0
  FaceObject: {fileID: 0}
  IsWeapon: 0
  IsScale: 0
  UseRandomRibbon: 0
  RibbonWidthMin: 1
  RibbonWidthMax: 1
  RibbonLenMin: 15
  RibbonLenMax: 15
  ConeSize: {x: 1, y: 1}
  ConeAngle: 0
  ConeSegment: 4
  UseConeAngleChange: 0
  ConeDeltaAngle:
    serializedVersion: 2
    m_Curve:
    - time: 0
      value: 0
      inSlope: 0
      outSlope: 0
      tangentMode: 0
    - time: 1
      value: 60
      inSlope: 0
      outSlope: 0
      tangentMode: 0
    m_PreInfinity: 2
    m_PostInfinity: 2
  CMesh: {fileID: 0}
  EmitType: 0
  BoxSize: {x: 0, y: 0, z: 0}
  EmitPoint: {x: 0, y: 0, z: 0}
  Radius: 0
  UseRandomCircle: 0
  CircleRadiusMin: 1
  CircleRadiusMax: 10
  CircleDir: {x: 0, y: 1, z: 0}
  EmitUniform: 0
  LineLengthLeft: -1
  LineLengthRight: 1
  MaxENodes: 2
  IsNodeLifeLoop: 1
  NodeLifeMin: 2
  NodeLifeMax: 2
  EmitWay: 0
  EmitterCurve:
    serializedVersion: 2
    m_Curve:
    - time: 0
      value: 0
      inSlope: 0
      outSlope: 0
      tangentMode: 0
    - time: 1
      value: 10
      inSlope: 0
      outSlope: 0
      tangentMode: 0
    m_PreInfinity: 2
    m_PostInfinity: 2
  DiffDistance: .100000001
  EmitMesh: {fileID: 0}
  EmitMeshType: 0
  IsBurstEmit: 1
  ChanceToEmit: 100
  EmitDuration: 1
  EmitRate: 1
  EmitLoop: -1
  EmitDelay: 0
  DirType: 0
  DirCenter: {fileID: 432554}
  OriVelocityAxis: {x: 0, y: 1, z: 0}
  AngleAroundAxis: 0
  UseRandomDirAngle: 0
  AngleAroundAxisMax: 0
  OriSpeed: 0
  AlwaysSyncRotation: 0
  IsRandomSpeed: 0
  SpeedMin: 0
  SpeedMax: 0
  JetAffectorEnable: 0
  JetMagType: 0
  JetMag: 0
  JetCurve:
    serializedVersion: 2
    m_Curve: []
    m_PreInfinity: 2
    m_PostInfinity: 2
  JetMin: 0
  JetMax: 0
  VortexAffectorEnable: 0
  VortexMagType: 0
  VortexMag: 1
  VortexMagMax: 1
  VortexCurve:
    serializedVersion: 2
    m_Curve: []
    m_PreInfinity: 2
    m_PostInfinity: 2
  VortexDirection: {x: 0, y: 1, z: 0}
  VortexInheritRotation: 1
  VortexObj: {fileID: 432554}
  IsFixedCircle: 0
  VortexTime: -1
  IsRandomVortexDir: 0
  IsVortexAccelerate: 0
  VortexAttenuation: 0
  UseVortexMaxDistance: 0
  VortexMaxDistance: 0
  UVRotAffectorEnable: 0
  RandomUVRotateSpeed: 0
  UVRotXSpeed: 0
  UVRotYSpeed: 0
  UVRotXSpeedMax: 0
  UVRotYSpeedMax: 0
  GravityAffectorEnable: 0
  GravityAftType: 0
  GravityMagType: 0
  GravityMag: 0
  GravityCurve:
    serializedVersion: 2
    m_Curve: []
    m_PreInfinity: 2
    m_PostInfinity: 2
  GravityDirection: {x: 0, y: 1, z: 0}
  GravityObject: {fileID: 432554}
  IsGravityAccelerate: 1
  IsSine: 0
  SineFreq: 1
  SineAffectorEnable: 0
  SineForce: {x: 0, y: 1, z: 0}
  ModifyPos: 1
  SineMaxFreq: 5
  SineMinFreq: 1
  AirAffectorEnable: 0
  AirObject: {fileID: 432554}
  AirMagType: 0
  AirMagnitude: 0
  AirMagCurve:
    serializedVersion: 2
    m_Curve: []
    m_PreInfinity: 2
    m_PostInfinity: 2
  AirDirection: {x: 0, y: 0, z: 0}
  AirAttenuation: 0
  AirUseMaxDistance: 0
  AirMaxDistance: 0
  AirEnableSpread: 0
  AirSpread: 0
  AirInheritVelocity: 0
  AirInheritRotation: 0
  BombAffectorEnable: 0
  BombObject: {fileID: 432554}
  BombType: 1
  BombDecayType: 0
  BombMagType: 0
  BombMagnitude: 0
  BombMagCurve:
    serializedVersion: 2
    m_Curve: []
    m_PreInfinity: 2
    m_PostInfinity: 2
  BombAxis: {x: 0, y: 0, z: 0}
  BombDecay: 0
  TurbulenceAffectorEnable: 0
  TurbulenceObject: {fileID: 432554}
  TurbulenceMagType: 0
  TurbulenceMagnitude: 0
  TurbulenceMagCurve:
    serializedVersion: 2
    m_Curve: []
    m_PreInfinity: 2
    m_PostInfinity: 2
  TurbulenceAttenuation: 0
  TurbulenceUseMaxDistance: 0
  TurbulenceMaxDistance: 0
  DragAffectorEnable: 0
  DragObj: {fileID: 432554}
  DragUseDir: 0
  DragDir: {x: 0, y: 1, z: 0}
  DragMag: 10
  DragUseMaxDist: 0
  DragMaxDist: 50
  DragAtten: 0
  UVAffectorEnable: 0
  UVType: 0
  OriTopLeftUV: {x: 0, y: 0}
  OriUVDimensions: {x: 1, y: 1}
  Cols: 1
  Rows: 1
  LoopCircles: -1
  UVTime: -1
  EanPath: none
  EanIndex: 0
  RandomStartFrame: 0
  UseCollisionDetection: 0
  ParticleRadius: 1
  CollisionType: 0
  CollisionAutoDestroy: 1
  EventReceiver: {fileID: 0}
  EventHandleFunctionName: ' '
  CollisionGoal: {fileID: 0}
  ColliisionPosRange: 0
  CollisionLayer:
    serializedVersion: 2
    m_Bits: 0
  JumpHeight: .300000012
  CollisionOffset: 0
  PlaneDir: {x: 0, y: 1, z: 0}
  PlaneOffset: {x: 0, y: 0, z: 0}
  UseSubEmitters: 0
  SpawnCache: {fileID: 0}
  BirthSubEmitter: 
  CollisionSubEmitter: 
  DeathSubEmitter: 
  AvailableNodeCount: 1
  LastClientPos: {x: 0, y: .540000021, z: -.0799999982}
  MyCamera: {fileID: 0}
  Owner: {fileID: 11432556}
  mStopped: 0
--- !u!114 &11432556
MonoBehaviour:
  m_ObjectHideFlags: 1
  m_PrefabParentObject: {fileID: 0}
  m_PrefabInternal: {fileID: 100100000}
  m_GameObject: {fileID: 132556}
  m_Enabled: 1
  m_EditorHideFlags: 0
  m_Script: {fileID: 11500000, guid: 31e31838b0476f14ea97697da6957b42, type: 3}
  m_Name: 
  m_EditorClassIdentifier: 
  LifeTime: -1
  IgnoreTimeScale: 0
  EditView: 0
  Scale: 1
--- !u!1001 &100100000
Prefab:
  m_ObjectHideFlags: 1
  serializedVersion: 2
  m_Modification:
    m_TransformParent: {fileID: 0}
    m_Modifications: []
    m_RemovedComponents: []
  m_ParentPrefab: {fileID: 0}
  m_RootGameObject: {fileID: 132556}
  m_IsPrefabParent: 1
  m_IsExploded: 1
